@misc{Sally,
   title="Sally homepage",
   key="Sally",
   year=2003,
   url="http://dawis.icb.uni-due.de/research/aosd/sally/",
   note="retrieved on 13 March 2006",
}

@misc{Logicaj,
   title="{LogicAJ} homepage",
   key="LogicAJ",
   year=2005,
   url="http://roots.iai.uni-bonn.de/research/logicaj/",
   note="retrieved on 13 March 2006",
}

@misc{Composestar,
   title="{Compose*} homepage",
   key="ComposeStar",
   year=2006,
   url="http://composestar.sourceforge.net",
}

@book{vanBenthem91,
	author="J.F.A.K. van Benthem and J. Ketting and J.S. Lodder and W.P.M. {Meyer-Viol}",
	title="Logica voor informatica",
	publisher="Pearson",
	year=1991,
	note="3rd edition November 2003, ISBN : 90-430-0722-6, (Dutch)",
}

@misc{Ada95,
   title="Ada Reference Manual",
   key="Ada",
   year=1995,
}

@article{scowen1993ebg,
  title={{Extended BNF-a generic base standard}},
  author={Scowen, RS},
  journal={Proc. 1993 Software Engineering Standards Symposium (SESS’93), Brighton, UK},
  volume={30},
  year=1993,
}
